<record><leader>00000cas a2200000 i 4500</leader><controlfield tag="001">878838742</controlfield><controlfield tag="007">hd afb---bacp</controlfield><controlfield tag="008">140501d17871789kyuwr nea     0    0eng c</controlfield><datafield ind1=" " ind2=" " tag="010"><subfield code="a">  2014252029</subfield></datafield><datafield ind1=" " ind2=" " tag="040"><subfield code="a">WAU</subfield><subfield code="b">eng</subfield><subfield code="e">rda</subfield><subfield code="c">WAU</subfield><subfield code="d">WAU</subfield></datafield><datafield ind1=" " ind2=" " tag="042"><subfield code="a">pcc</subfield></datafield><datafield ind1=" " ind2=" " tag="043"><subfield code="a">n-us-ky</subfield></datafield><datafield ind1="0" ind2="4" tag="245"><subfield code="a">The Kentucke gazette.</subfield></datafield><datafield ind1="3" ind2="0" tag="246"><subfield code="a">Kentucky gazette</subfield></datafield><datafield ind1=" " ind2="1" tag="264"><subfield code="a">Lexington [Kentucky] :</subfield><subfield code="b">John and Fielding Bradford,</subfield><subfield code="c">-1789.</subfield></datafield><datafield ind1=" " ind2=" " tag="300"><subfield code="a">volumes ;</subfield><subfield code="c">49 cm</subfield></datafield><datafield ind1=" " ind2=" " tag="310"><subfield code="a">Weekly</subfield></datafield><datafield ind1=" " ind2=" " tag="336"><subfield code="a">text</subfield><subfield code="b">txt</subfield><subfield code="2">rdacontent</subfield></datafield><datafield ind1=" " ind2=" " tag="337"><subfield code="a">microform</subfield><subfield code="b">h</subfield><subfield code="2">rdamedia</subfield></datafield><datafield ind1=" " ind2=" " tag="338"><subfield code="a">microfilm reel</subfield><subfield code="b">hd</subfield><subfield code="2">rdacarrier</subfield></datafield><datafield ind1="1" ind2=" " tag="362"><subfield code="a">Began with Aug. 11, 1787 issue; ceased with: v. 2, no. 28 (Mar. 7, 1789).</subfield></datafield><datafield ind1=" " ind2=" " tag="500"><subfield code="a">Publishers: John and Fielding Bradford, 1787-1788; John Bradford, 1788-1789.</subfield></datafield><datafield ind1=" " ind2=" " tag="500"><subfield code="a">First newspaper published in Kentucky.</subfield></datafield><datafield ind1=" " ind2=" " tag="588"><subfield code="a">Description based on: No. 2 (Aug. 18, 1787); title from masthead.</subfield></datafield><datafield ind1=" " ind2=" " tag="588"><subfield code="a">Latest issue consulted: Vol. 2, no. 28 (Mar. 7, 1789).</subfield></datafield><datafield ind1=" " ind2=" " tag="533"><subfield code="a">Microfilm.</subfield><subfield code="b">Washington, D.C. :</subfield><subfield code="c">Library of Congress Photoduplication Service [for] Ohio Historical Society.</subfield><subfield code="e">microfilm reels ; 35 mm.</subfield></datafield><datafield ind1=" " ind2="0" tag="651"><subfield code="a">Lexington (Ky.)</subfield><subfield code="v">Newspapers.</subfield></datafield><datafield ind1=" " ind2="0" tag="651"><subfield code="a">Fayette County (Ky.)</subfield><subfield code="v">Newspapers.</subfield></datafield><datafield ind1=" " ind2="7" tag="651"><subfield code="a">Kentucky</subfield><subfield code="z">Fayette County.</subfield><subfield code="2">fast</subfield><subfield code="0">(OCoLC)fst01206953</subfield></datafield><datafield ind1=" " ind2="7" tag="651"><subfield code="a">Kentucky</subfield><subfield code="z">Lexington.</subfield><subfield code="2">fast</subfield><subfield code="0">(OCoLC)fst01206432</subfield></datafield><datafield ind1=" " ind2="7" tag="655"><subfield code="a">Newspapers.</subfield><subfield code="2">fast</subfield><subfield code="0">(OCoLC)fst01423814</subfield></datafield><datafield ind1="1" ind2=" " tag="700"><subfield code="a">Bradford, John,</subfield><subfield code="d">1747-1830.</subfield></datafield><datafield ind1=" " ind2=" " tag="752"><subfield code="a">United States</subfield><subfield code="b">Kentucky</subfield><subfield code="c">Fayette</subfield><subfield code="d">Lexington.</subfield></datafield><datafield ind1="1" ind2=" " tag="776"><subfield code="t">Kentucke gazette</subfield><subfield code="w">(DLC)sn 82014784</subfield><subfield code="w">(OCoLC)8797181</subfield></datafield><datafield ind1="0" ind2="0" tag="785"><subfield code="t">Kentucky gazette (Lexington, Ky. : 1789)</subfield><subfield code="w">(DLC)  2014252025</subfield><subfield code="w">(OCoLC)14575029</subfield></datafield></record>